@article{schafer2005shrinkage,
  title={A shrinkage approach to large-scale covariance matrix estimation and implications for functional genomics},
  author={Sch{\"a}fer, Juliane and Strimmer, Korbinian},
  journal={Statistical applications in genetics and molecular biology},
  volume={4},
  number={1},
  year={2005}
}

@inproceedings{stein1956inadmissibility,
  title={Inadmissibility of the usual estimator for the mean of a multivariate normal distribution},
  author={Stein, Charles and others},
  booktitle={Proceedings of the Third Berkeley symposium on mathematical statistics and probability},
  volume={1},
  number={399},
  pages={197--206},
  year={1956}
}

@article{ledoit2004honey,
  title={Honey, I shrunk the sample covariance matrix},
  author={Ledoit, Olivier and Wolf, Michael},
  journal={The Journal of Portfolio Management},
  volume={30},
  number={4},
  pages={110--119},
  year={2004},
  publisher={Institutional Investor Journals}
}

@book{efron1977stein,
  title={Stein's paradox in statistics},
  author={Efron, Bradley and Morris, Carl N},
  year={1977},
  publisher={WH Freeman}
}

@article{barnett2010using,
  title={Using information criteria to select the correct variance--covariance structure for longitudinal data in ecology},
  author={Barnett, Adrian G and Koper, Nicola and Dobson, Annette J and Schmiegelow, Fiona and Manseau, Micheline},
  journal={Methods in Ecology and Evolution},
  volume={1},
  number={1},
  pages={15--24},
  year={2010},
  publisher={Wiley Online Library}
}

@article{kwan2011introduction,
  title={An introduction to shrinkage estimation of the covariance matrix: A pedagogic illustration},
  author={Kwan, Clarence CY},
  journal={Spreadsheets in Education (eJSiE)},
  volume={4},
  number={3},
  pages={6},
  year={2011}
}

@article{ledoit2003improved,
  title={Improved estimation of the covariance matrix of stock returns with an application to portfolio selection},
  author={Ledoit, Olivier and Wolf, Michael},
  journal={Journal of empirical finance},
  volume={10},
  number={5},
  pages={603--621},
  year={2003},
  publisher={Elsevier}
}

@article{ledoit2004well,
  title={A well-conditioned estimator for large-dimensional covariance matrices},
  author={Ledoit, Olivier and Wolf, Michael},
  journal={Journal of multivariate analysis},
  volume={88},
  number={2},
  pages={365--411},
  year={2004},
  publisher={Elsevier}
}

@book{pourahmadi2013high,
  title={High-dimensional covariance estimation: with high-dimensional data},
  author={Pourahmadi, Mohsen},
  year={2013},
  publisher={John Wiley \& Sons}
}

@article{ullah2015regularised,
  title={Regularised Manova for High-Dimensional Data},
  author={Ullah, Insha and Jones, Beatrix},
  journal={Australian \& New Zealand Journal of Statistics},
  volume={57},
  number={3},
  pages={377--389},
  year={2015},
  publisher={Wiley Online Library}
}

@article{beerenwinkel2007genetic,
  title={Genetic progression and the waiting time to cancer},
  author={Beerenwinkel, Niko and Antal, Tibor and Dingli, David and Traulsen, Arne and Kinzler, Kenneth W and Velculescu, Victor E and Vogelstein, Bert and Nowak, Martin A},
  journal={PLoS computational biology},
  volume={3},
  number={11},
  pages={e225},
  year={2007},
  publisher={Public Library of Science}
}

@article{warton2008penalized,
  title={Penalized normal likelihood and ridge regularization of correlation and covariance matrices},
  author={Warton, David I},
  journal={Journal of the American Statistical Association},
  volume={103},
  number={481},
  pages={340--349},
  year={2008},
  publisher={Taylor \& Francis}
}

@article{engel2017overview,
  title={An overview of large-dimensional covariance and precision matrix estimators with applications in chemometrics},
  author={Engel, Jasper and Buydens, Lutgarde and Blanchet, Lionel},
  journal={Journal of Chemometrics},
  volume={31},
  number={4},
  year={2017},
  publisher={Wiley Online Library}
}

@inproceedings{penrose1955generalized,
  title={A generalized inverse for matrices},
  author={Penrose, Roger},
  booktitle={Mathematical proceedings of the Cambridge philosophical society},
  volume={51},
  number={3},
  pages={406--413},
  year={1955},
  organization={Cambridge University Press}
}

@article{golub1965calculating,
  title={Calculating the singular values and pseudo-inverse of a matrix},
  author={Golub, Gene and Kahan, William},
  journal={Journal of the Society for Industrial and Applied Mathematics, Series B: Numerical Analysis},
  volume={2},
  number={2},
  pages={205--224},
  year={1965},
  publisher={SIAM}
}

@article{pearson1984garroch,
  title={Garroch Head sludge dumping ground survey, final report},
  author={Pearson, TH and Blackstock, J},
  journal={Dunstaffnage Marine Research Laboratory, Oban},
  year={1984}
}

@article{eisen1998cluster,
  title={Cluster analysis and display of genome-wide expression patterns},
  author={Eisen, Michael B and Spellman, Paul T and Brown, Patrick O and Botstein, David},
  journal={Proceedings of the National Academy of Sciences},
  volume={95},
  number={25},
  pages={14863--14868},
  year={1998},
  publisher={National Acad Sciences}
}

@article{tamayo1999interpreting,
  title={Interpreting patterns of gene expression with self-organizing maps: methods and application to hematopoietic differentiation},
  author={Tamayo, Pablo and Slonim, Donna and Mesirov, Jill and Zhu, Qing and Kitareewan, Sutisak and Dmitrovsky, Ethan and Lander, Eric S and Golub, Todd R},
  journal={Proceedings of the National Academy of Sciences},
  volume={96},
  number={6},
  pages={2907--2912},
  year={1999},
  publisher={National Acad Sciences}
}

@article{dempster1972covariance,
  title={Covariance selection},
  author={Dempster, Arthur P},
  journal={Biometrics},
  pages={157--175},
  year={1972},
  publisher={JSTOR}
}

@article{fan2016overview,
  title={An overview of the estimation of large covariance and precision matrices},
  author={Fan, Jianqing and Liao, Yuan and Liu, Han},
  journal={The Econometrics Journal},
  volume={19},
  number={1},
  year={2016},
  publisher={Wiley Online Library}
}

@article{tibshirani1996regression,
  title={Regression shrinkage and selection via the lasso},
  author={Tibshirani, Robert},
  journal={Journal of the Royal Statistical Society. Series B (Methodological)},
  pages={267--288},
  year={1996},
  publisher={JSTOR}
}

@article{yuan2007model,
  title={Model selection and estimation in the Gaussian graphical model},
  author={Yuan, Ming and Lin, Yi},
  journal={Biometrika},
  volume={94},
  number={1},
  pages={19--35},
  year={2007},
  publisher={Oxford University Press}
}

@article{d2008first,
  title={First-order methods for sparse covariance selection},
  author={d'Aspremont, Alexandre and Banerjee, Onureena and El Ghaoui, Laurent},
  journal={SIAM Journal on Matrix Analysis and Applications},
  volume={30},
  number={1},
  pages={56--66},
  year={2008},
  publisher={SIAM}
}

@article{johnstone2004sparse,
  title={Sparse principal components analysis},
  author={Johnstone, Iain M and Lu, Arthur Yu},
  year={2004}
}

@article{friedman2008sparse,
  title={Sparse inverse covariance estimation with the graphical lasso},
  author={Friedman, Jerome and Hastie, Trevor and Tibshirani, Robert},
  journal={Biostatistics},
  volume={9},
  number={3},
  pages={432--441},
  year={2008},
  publisher={Oxford University Press}
}

@article{friedman2007pathwise,
  title={Pathwise coordinate optimization},
  author={Friedman, Jerome and Hastie, Trevor and H{\"o}fling, Holger and Tibshirani, Robert and others},
  journal={The Annals of Applied Statistics},
  volume={1},
  number={2},
  pages={302--332},
  year={2007},
  publisher={Institute of Mathematical Statistics}
}


@article{schaefer2013corpcor,
  title={corpcor: Efficient estimation of covariance and (partial) correlation},
  author={Schaefer, Juliane and Opgen-Rhein, Rainer and Zuber, V and Ahdesm{\"a}ki, M and Duarte Silva, AP and Strimmer, K},
  journal={R package version},
  volume={1},
  number={6},
  year={2013}
}

@article{schafer2004empirical,
  title={An empirical Bayes approach to inferring large-scale gene association networks},
  author={Sch{\"a}fer, Juliane and Strimmer, Korbinian},
  journal={Bioinformatics},
  volume={21},
  number={6},
  pages={754--764},
  year={2004},
  publisher={Oxford University Press}
}

@phdthesis{ullah2015contributions,
  title={Contributions to high-dimensional data analysis: some applications of the regularized covariance matrices: a thesis submitted in partial fulfilment of the requirements for the degree of Doctor of Philosophy in Statistics at Massey University, Albany, New Zealand},
  author={Ullah, Insha},
  year={2015},
  school={Massey University}
}